@book{braunwald2006,
	Address = {SÃ£o Paulo},
	Author = {Eugene Braunwald},
	Date-Added = {2012-04-23 11:34:16 +0000},
	Date-Modified = {2012-04-23 11:34:16 +0000},
	Publisher = {Roca},
	Title = {Tratado de medicina cardiovascular},
	Year = {2006},
	Edition = {6}
	}
